<record><leader>00000cas a22000007a 4500</leader><controlfield tag="001">19980707</controlfield><controlfield tag="008">890707d19041907nduwr ne      0    0eng d</controlfield><datafield ind1=" " ind2=" " tag="010"><subfield code="a">sn 89074173 </subfield></datafield><datafield ind1=" " ind2=" " tag="040"><subfield code="a">NOP</subfield><subfield code="b">eng</subfield><subfield code="c">NOP</subfield><subfield code="d">OCLCQ</subfield></datafield><datafield ind1=" " ind2=" " tag="042"><subfield code="a">msc</subfield></datafield><datafield ind1="0" ind2="0" tag="245"><subfield code="a">McLean County miner and the Underwood leader.</subfield></datafield><datafield ind1="1" ind2="3" tag="246"><subfield code="a">McLean County miner and Underwood leader</subfield></datafield><datafield ind1=" " ind2=" " tag="260"><subfield code="a">Underwood, N.D. :</subfield><subfield code="b">[Fred L. Harris]</subfield></datafield><datafield ind1=" " ind2=" " tag="300"><subfield code="a">5 v. :</subfield><subfield code="b">ill. ;</subfield><subfield code="c">49-54 cm.</subfield></datafield><datafield ind1=" " ind2=" " tag="310"><subfield code="a">Weekly</subfield></datafield><datafield ind1="0" ind2=" " tag="362"><subfield code="a">Vol. 3, no. 24 (Apr. 14, 1904)=Underwood leader, vol. 1, no. 42-v. 7, no. 1 (Oct. 31, 1907)=Leader v. 5, no. 17.</subfield></datafield><datafield ind1=" " ind2=" " tag="500"><subfield code="a">Title varies slightly: McLean County miner and Underwood leader, Mar. 9, 1905-Oct. 31, 1907.</subfield></datafield><datafield ind1=" " ind2=" " tag="530"><subfield code="a">Available on microfilm from the State Historical Society of North Dakota.</subfield></datafield><datafield ind1=" " ind2=" " tag="752"><subfield code="a">United States</subfield><subfield code="b">North Dakota</subfield><subfield code="c">McLean</subfield><subfield code="d">Underwood.</subfield></datafield><datafield ind1="0" ind2="4" tag="780"><subfield code="t">McLean County miner</subfield><subfield code="w">(DLC)sn 89074177</subfield></datafield><datafield ind1="0" ind2="4" tag="780"><subfield code="t">Underwood leader</subfield></datafield><datafield ind1="0" ind2="0" tag="785"><subfield code="t">Underwood miner</subfield><subfield code="w">(DLC)sn 89074174</subfield></datafield></record>